% This file was created with JabRef 2.3.1.
% Encoding: UTF-8

@ARTICLE{guiatitlesec,
  author = {Javier Bezos},
  title = {The titlesec and titletoc Packages},
  journal = {TexEmplares},
  publisher = {Cervan{\TeX}},
  Volume = 8,
  Pages = "283--298",
  year = {2007},
  owner = {fernando},
  timestamp = {2008.08.08}
}

@MISC{informatica,
  title = {Escuela {T}\'ecnica {S}uperior de {I}ngenier{\'\i}a {I}nform\'atica},
  year = {2014},
  publisher = {ETSII},
  author = {Varios Autores},
  url = {http://www.informatica.us.es},
  Note = {fecha de consulta: 24 de Noviembre de 2014},
  owner = {fcaro},
  timestamp = {2008.08.13}
}

@comment{jabref-meta: selector_publisher:}

@comment{jabref-meta: selector_author:}

@comment{jabref-meta: selector_journal:}

@comment{jabref-meta: selector_keywords:}

@MISC{acnhapi,
	title = {ACNH API},
	year = {2020},
	publisher = {Alexis8717},
	author = {Alexis8717},
	url = {https://acnhapi.com},
	Note = {fecha de consulta: 3 de Febrero de 2021},
	owner = {Alexis8717},
	timestamp = {}
}
